% Encoding: UTF-8

 viewed 5 December 2010, <>.
@Article{Ahsurst2009,
  author = {Ashurst, S.},
  date = {2009-02-02},
  title = {Why Alan Moore hates comic-book movies},
  journaltitle = {Total Film},
  urldate = {2010-12-05},
  url = {http://www.totalfilm.com/features/exclusive-why-alan-moore-hates-comic-book-movies},
  }

@Book{Desmond2006,
  author    = {Desmond, J. and Hawkes, P.},
  title     = {Adaptation: studying film and literature},
  year      = {2006},
  publisher = {McGraw-Hill},
  location  = {Boston},
}

@Book{Hutcheon2006,
  author    = {Hutcheon, L.},
  title     = {A theory of adaptation},
  year      = {2006},
  publisher = {Routledge},
  location  = {New York},
}

@Article{Leitch2008,
  author  = {Leitch, T.},
  title   = {Adaptation studies at a crossroads},
  journal = {Adaptation},
  year    = {2008},
  volume  = {1},
  number  = {1},
  pages   = {63--77},
}

@Book{McFarlane1996,
  author    = {McFarlane, B.},
  title     = {Novel to film: an introduction to the theory of adaptation},
  year      = {1996},
  publisher = {Oxford University Press},
  location  = {New York},
}

@InBook{McFarlane2007,
  author    = {McFarlane, B.},
  title     = {Reading film and literature},
  booktitle = {The Cambridge companion to literature on screen},
  year      = {2007},
  editor    = {Cartmell, D. and Whelehan, I.},
  publisher = {Cambridge University Press},
  location  = {Cambridge},
  pages     = {15--28},
}

@Book{Miller2004,
  title     = {A companion to film theory},
  year      = {2004},
  editor    = {Miller, T. and Stam, R.},
  publisher = {Blackwell Publishing},
  url       = {http://www.scribd.com/doc/27285834/A-Companion-to-Film- Theory},
  urldate   = {2012-10-30},
}

@Article{Moore2010,
  author  = {Moore, M. R.},
  title   = {Adaptation and new media},
  journal = {Adaptation},
  year    = {2010},
  volume  = {3},
  number  = {2},
  pages   = {179--192},
}

@Book{Sanders2006,
  author    = {Sanders, J.},
  title     = {Adaptation and appropriation},
  year      = {2006},
  publisher = {Routledge},
  location  = {New York},
}

@InBook{Stam2005,
  author    = {Stam, R.},
  title     = {Introduction: the theory and practice of adaptation},
  booktitle = {Literature and film: a guide to the theory and practice of film adaptation},
  year      = {2005},
  editor    = {Stam, R. and Raengo, A.},
  publisher = {Blackwell Publishing},
  location  = {Malden, Massachusetts},
  pages     = {1--52},
}

@Book{Stam2005a,
  author    = {Stam, R.},
  title     = {Literature through film: realism, magic, and the art of adaptation},
  year      = {2005},
  publisher = {Blackwell Publishing},
  location  = {Malden, Massachusetts},
}

@InBook{Whelehan1999,
  author    = {Whelehan, I.},
  title     = {Adaptations: the contemporary dilemmas},
  booktitle = {Adaptations: from text to screen, screen to text},
  year      = {1999},
  editor    = {Cartmell, D. and Whelehan, I.},
  publisher = {Routledge},
  location  = {London},
  pages     = {3--19},
}

@InBook{Druckman2012,
  author    = {Druckman, P.},
  title     = {The integrated reporting journey},
  booktitle = {Making investment grade: the future of corporate reporting},
  year      = {2012},
  publisher = {United Nations Environment Programme and Deloitte and the Centre for Corporate Governance in Africa},
  pages     = {25--28},
  url       = {http://www.unglobalcompact.org/docs/news_events/upcoming/R ioCSF/partner_deliverables/Making_Investment_Grade.pdf},
  urldate   = {2012-12-04},
}

@Book{Chabon2008,
  author    = {Chabon, M.},
  title     = {Maps and legends},
  year      = {2008},
  publisher = {McSweeney's Books},
  location  = {San Francisco},
}

@Book{DGCS2008,
  author    = {{Deni Green Consulting Services}},
  title     = {Capital idea: realising value from environmental and social performance},
  year      = {2008},
  publisher = {Deni Green Consulting Services},
  location  = {North Carlton, Victoria},
}

@Book{Campbell2010,
  author    = {Campbell, E. and Fox, R. and de Zwart, Melissa},
  title     = {Students' guide to legal writing, law exams and self assessment},
  year      = {2010},
  edition   = {3},
  publisher = {Federation Press},
  location  = {Sydney},
}

@Book{Henkin2006,
  author    = {Henkin, R. E. and Bova, D. and Dillehay, G. L. and Halama, J. R. and Karesh, S. M. and Wagner, R. H. and Zimmer, M. Z.},
  title     = {Nuclear medicine},
  year      = {2006},
  edition   = {2},
  publisher = {Mosby Elsevier},
  location  = {Philadelphia},
}

@Book{Seah,
  author    = {Seah, R.},
  title     = {Micro-computer applications},
  publisher = {Microsoft Press},
  location  = {Redmond, Washington},
  edition = {undated edition},
}

@Book{Seahcirca2005,
  author    = {Seah, R.},
  title     = {Micro-computer applications},
  date      = {2005~},
  publisher = {Microsoft Press},
  location  = {Redmond, Washington},
  edition = {circa edition},
}

@Book{Bordwell2009,
  author    = {Bordwell, D. and Thompson, K.},
  title     = {Film art: an introduction},
  year      = {2009},
  edition   = {9},
  publisher = {Mc-Graw Hill},
  location  = {New York},
}

@Book{Pearce2015,
  author    = {Pearce, B.},
  title     = {Master of stillness: Jeffrey Smart},
  year      = {2015},
  edition   = {rev. edn.},
  publisher = {Wakefield Press},
  location  = {Mile End, South Australia},
}

@Book{Kristeva1995,
  author     = {Kristeva, J.},
  title      = {New maladies of the soul},
  year       = {1995},
  translator = {Guberman, R.},
  publisher  = {Columbia University Press},
  location   = {New York},
}

@Book{Plato1967,
  author     = {Plato},
  title      = {The republic},
  pubdate       = {1967},
  origdate = {/},
  translator = {Bloom, A.},
  publisher  = {Basic Books},
  location   = {New York},
  pagination = {line},
  options = {classic},
}

@Book{Hornberger2003,
  title     = {Continua of biliteracy: an ecological framework for educational policy, research and practice in multilingual settings},
  year      = {2003},
  editor    = {Hornberger, N. H.},
  publisher = {Multilingual Matters},
  location  = {Clevedon, UK},
}

@Book{Kronenberg2011,
  title     = {Occupational therapies without borders: towards an ecology of occupation-based practices},
  year      = {2011},
  editor    = {Kronenberg, F. and Pollard, N. and Sakellariou, D.},
  publisher = {Churchill Livingstone Elsevier},
  location  = {Edinburgh},
  volume = {2},
}

@Book{Barnett2006,
  title     = {London was full of rooms},
  year      = {2006},
  editor    = {Barnett, T. and Bierbaum, N. and Harrex, S. and Hosking, R. and Tulloch, G.},
  publisher = {Lythrum Press},
  location  = {Adelaide},
}

@InBook{Burt2010,
  author    = {Burt, R.},
  title     = {All that remains of the Shakespeare play in Indian film},
  booktitle = {Shakespeare in Asia: contemporary performance},
  year      = {2010},
  editor    = {Lan, Y. L. and Kennedy, D.},
  publisher = {Cambridge University Press},
  location  = {Cambridge},
  pages     = {73--108},
}

@InBook{Abbott2010,
  author    = {Abbott, S.},
  title     = {High concept thrills and chills: the horror blockbuster},
  booktitle = {Horror zone: the cultural experience of contemporary horror cinema},
  year      = {2010},
  editor    = {Conrich, I.},
  publisher = {I.B. Tauris},
  location  = {London},
  pages     = {27--44},
}

@InBook{Naremore2004,
  author    = {Naremore, J.},
  title     = {Authorship},
  booktitle = {A companion to film theory},
  year      = {2004},
  editor    = {Miller, T. and Stam, R.},
  publisher = {Blackwell Publishing},
  location  = {Malden, Massachusetts},
  pages     = {9--24},
}

@Article{OHara2009,
  author       = {O'Hara, M. J.},
  title        = {Flood basalts, basalt floods or topless bushvelds? Lunar petrogenesis revisited},
  journaltitle = {Journal of Petrology},
  year         = {2009},
  volume       = {41},
  number       = {11},
  pages        = {1545--1651},
}

@Article{Wolff2010,
  author       = {Wolff, H. and Perry, L.},
  title        = {Trends in clean air legislation in Europe: particulate matter and low emission zones},
  journaltitle = {Review of Environmental Economics and Policy},
  year         = {2010},
  volume       = {4},
  number       = {2},
  pages        = {293--308},
}

@Article{Smithinpress,
  author       = {Smith, M.},
  title        = {Role play in education},
  journaltitle = {Creative Education},
  pubstate     = {inpress},
}

@Article{Smith2007,
  author       = {Smith, B.},
  title        = {The effect of caffeine on sleep},
  issue = {suppl. B},
  journaltitle = {Journal of Sleep},
  year         = {2007},
  volume       = {4},
  number       = {3},
  pages        = {53-56},
  note         = {Needs supplement},
}

@Article{Tudini2004,
  author       = {Tudini, V.},
  title        = {Virtual immersion: Native speaker chats as a bridge to conversational Italian},
  journaltitle = {Australian Review of Applied Linguistics},
  year         = {2004},
  editor       = {Rubino, A.},
  series       = {S},
  number       = {18},
  pages        = {63-80},
}

@Article{Giedroyc2010,
  author       = {Giedroyc, M. and Reed, B.},
  title        = {Was Lennon really a genius?},
  journaltitle = {The Spectator},
  year         = {2010},
  date         = {2012-10-06},
  pages        = {24-26},
}

@Article{McEachen2011,
  author       = {McEachen, B.},
  title        = {Dante on Dante},
  journaltitle = {Empire},
  year         = {2011},
  number       = {127},
  pages        = {82-86},
}

@Article{Wolff2012,
  author       = {Wolff, R.},
  title        = {Warhol Warhol everywhere},
  journaltitle = {ARTnews},
  year         = {2012},
  volume       = {111},
  number       = {8},
  pages        = {76-81},
}

@Article{LIBOR2012,
  title        = {Reforming LIBOR: the \$300 trillion question},
  journaltitle = {The Economist},
  year         = {2012},
  volume       = {404},
  number       = {8804},
  pages        = {86},
}

@Article{Westwood2014,
  author       = {Westwood, M.},
  title        = {Welcome into an exclusive fold},
  journal      = {Australian},
  journaltitle = {Australian},
  year         = {2012},
  date         = {2012-09-04},
  pages        = {15},
}

@Manual{UniSA-HRG,
  commentauthor = {{University of South Australia}},
  commentshortauthor   = {{UniSA}},
  author = {long={University of South Australia}, short={UniSA}, nametemplates=corp},
  title    = {Harvard Referencing Guide UniSA},
  year     = {2017},
  date     = {2017-01},
  abstract = {This guide will help you apply the Harvard referencing style to your writing at UniSA. It is designed to help you understand the conventions and principles of this style and make decisions about referencing. There are many different versions of the Harvard style. This guide presents one consistent version for use at UniSA, which conforms to the Australian Government standard guidelines presented in Snooks \& Co (eds) 2002, Style manual for authors, editors and printers, 6th edn, Wiley & Sons, Australia.},
  urldate = {2018-03-28},
  url = {https://lo.unisa.edu.au/pluginfile.php/438774/mod_book/chapter/39173/HRG%20January%202015%20final%20version.pdf},
}

@Article{AFR2012,
  title        = {US comes to a turning point},
  journaltitle = {Australian Financial Review},
  year         = {2012},
  date         = {2012-10-22},
  pages        = {46},
}

@Report{ABS2010,
  author      = {long={Australian Bureau of Statistics}, short={ABS}, nametemplates=corp},
  title       = {Measures of Australia's progress 2010},
  institution = {Australian Bureau of Statistics},
  titleaddon  = {cat. no. 1370.0},
  location    = {Canberra},
  date        = {2010},
  year = {2010},
}

@Report{Bradley2008,
  author      = {Bradley, D. and Noonan, P. and Nugent, H. and Scales, B.},
  title       = {Review of Australian higher education},
  institution = {Australian Government},
  year        = {2008},
  location    = {Canberra},
}

@Report{HREOC1997,
  title       = {Bringing them home: report of the national inquiry into the separation of Aboriginal and Torres Strait Islander children from their families},
  author = {long={Human Rights and Equal Opportunity Commission}, short={HREOC}, nametemplates=corp},
  institution = {{Human Rights and Equal Opportunity Commission}},
  year        = {1997},
}

@Report{HREOC1998,
  title       = {A dummy report by HREOC},
  institution = {{Human Rights and Equal Opportunity Commission}},
  year        = {1998},
  author      = {long={Human Rights and Equal Opportunity Commission}, short={HREOC}, nametemplates=corp},
}

@Patent{Gordon2012,
  author   = {Gordon, M. C.},
  title    = {Sound muffling sleep mask},
  number   = {D465,234 S},
  year     = {2012},
  location = {US},
}

@Reference{HutchinsonEncylopaedia,
  title = {The Hutchinson encyclopaedia},
  year  = {2007},
}

@Reference{LongmanDict,
  title = {Longman dictionary of contemporary English},
  year  = {2009},
}

@Reference{Blackburn2005,
  editor    = {Blackburn, S.},
  title     = {The Oxford dictionary of philosophy},
  year      = {2005},
  edition   = {2},
  publisher = {Oxford University Press},
  location  = {Oxford},
}

@Reference{Thomson2010,
  editor    = {Thomson, D.},
  title     = {The new biographical dictionary of film},
  year      = {2010},
  edition   = {5},
  publisher = {Alfred A. Knopf},
  location  = {New York},
}

@Manual{Denzin2011,
  author    = {Denzin, N. K.},
  title     = {The SAGE handbook of qualitative research},
  year      = {2011},
  edition   = {2},
  publisher = {SAGE},
  location  = {Thousand Oaks},
}

@PhdThesis{Savvas2009,
  author      = {Savvas, M. X.},
  title       = {The crime novel as a vehicle for reconciliation},
  institution = {Flinders University},
  year        = {2009},
  location    = {Adelaide},
}

@WWW{DIC2012,
  author       = {{Department of Immigration and Citizenship}},
  title        = {Department of Immigration and Citizenship},
  date         = {2012},
  url          = {http://www.immi.gov.au/},
  organization = {Australian Government},
  urldate      = {2012-11-06},
}

@WWW{DoctorImmigration2012,
  author       = {{Department of Immigration and Citizenship}},
  title        = {Permanent visa options for doctors},
  year         = {2012},
  url          = {http://www.immi.gov.au/skilled/medical-practitioners/permanent- visas.htm},
  organization = {Australian Government},
  urldate      = {2012-11-06},
  maintitle    = {Department of Immigration and Citizenship},
}

@Online{UniSAHorizon2020,
  commentauthor = {{University of South Australia}},
  commentshortauthor   = {{UniSA}},
  author = {long={University of South Australia}, short={UniSA}, nametemplates=corp},
  title        = {Horizon 2020},
  year         = {2010},
  url          = {http://w3.unisa.edu.au/horizon2020/files/HORIZON_2020_highRes .pdf},
  organization = {University of South Australia},
  urldate      = {2012-11-26},
}

@Online{BoM2016,
  author       = {{Bureau of Meteorology}},
  title        = {Annual Climate Report 2015},
  year         = {2016},
  url          = {http://www.bom.gov.au/climate/annual_sum/2015/Annual- Climate-Report-2015-LR.pdf},
  organization = {Australian Government},
  urldate      = {2016-11-10},
}

@Online{ArtGallerySA,
  author       = {Lucas, M.},
  title        = {Parallel collisions: 12th Adelaide biennial of Australian art},
  year         = {2011},
  url          = {http://artgallery.sa.gov.au/agsa/home/Media/docs/Past_media_rel eases/2012_Adelaide_Biennial_Annoucement_MR_FINAL.pdf},
  organization = {Art Gallery of South Australia},
  urldate      = {2012-11-25},
}

@Book{Tagg2015,
  author     = {Tagg, C.},
  title      = {Exploring digital communication: language in action},
  year       = {2015},
  publisher  = {Routledge},
  location   = {Abingdon, Oxon},
  eprinttype = {Taylor \& Francis eBooks},
}

@Book{Buxton2016,
  author     = {Buxton, M. and Goodman, R. and Moloney, S.},
  title      = {Planning Melbourne: lessons for a sustainable city},
  year       = {2016},
  publisher  = {CSIRO Publishing},
  location   = {Clayton South, Victoria},
  eprinttype = {EBSCOhost},
}

@Book{Waters2015,
  title      = {Public relations in the nonprofit sector: theory and practice},
  year       = {2015},
  editor     = {Waters, R. D.},
  publisher  = {Routledge},
  location   = { New York},
  eprinttype = {Taylor \& Francis eBooks},
}

@Book{Flann2014,
  author     = {Flann, E. and Hill, B. and Wang, L.},
  title      = {The Australian editing handbook},
  year       = {2014},
  edition    = {3},
  publisher  = {Wiley},
  location   = {Milton, Queensland},
  eprinttype = {ProQuest Ebook Central},
}

@Book{Frost2016,
  author    = {Frost, F.},
  title     = {Engaging the neighbours: Australia and ASEAN since 1974},
  year      = {2016},
  publisher = {ANU Press},
  location  = {Acton, Australian Capital Territory},
  url       = {http://press- files.anu.edu.au/downloads/press/p347483/pdf/book.pdf?referer=1 846},
}

@Book{Alston2012,
  author     = {Alston, M. and Bowles, W.},
  title      = {Research for social workers: an introduction to methods},
  year       = {2012},
  edition    = {3},
  publisher  = {Allen \& Unwin},
  location   = {Crows Nest, New South Wales},
  eprinttype = {Amazon Kindle},
}

@Article{Boon2011,
  author       = {Boon, K. A.},
  title        = {Ethics and capitalism in the screenplays of David Mamet},
  journaltitle = {Literature Film Quarterly},
  year         = {2011},
  volume       = {39},
  number       = {3},
  pages        = {174-189},
}

@Article{Werstine1999,
  author       = {Werstine, P.},
  title        = {A century of ``bad'' Shakespeare quartos},
  journaltitle = {Shakespeare Quarterly},
  year         = {1999},
  volume       = {50},
  number       = {3},
  pages        = {310-333},
}

@Article{Blamires2012,
  author       = {Blamires, A.},
  title        = {Homoerotic pleasure and violence in the drama of Thomas Middleton},
  journaltitle = {Early Modern Literary Studies},
  year         = {2012},
  volume       = {16},
  number       = {2},
  url          = {http://extra.shu.ac.uk/emls/16- 2/blammidd.htm},
  urldate      = {2012-11-11},
}

@Article{Murray2012,
  author       = {Murray, N.},
  title        = {A report on a pilot English language intervention model for undergraduate trainee nurses},
  journaltitle = {Journal of Academic Language and Learning},
  year         = {2012},
  volume       = {6},
  number       = {1},
  pages        = {48-63},
  url          = {http://journal.aall.org.au/index.php/jall/article/view/135/128},
  urldate      = {2016-05-07},
}

@Reference{EOLD2016,
  title = {English Oxford Living Dictionary},
  year  = {2016},
}

@InReference{Smith2011,
  author    = {Smith, D. W.},
  title     = {Phenomenology},
  booktitle = {Stanford Encyclopedia of Philosophy},
  year      = {2011},
  editor    = {E. N. Zalta},
  publisher = {Stanford University},
  location  = {Stanford, CA},
  url       = {http://plato.stanford.edu/archives/fall2011/entries/phenomenology/},
  urldate   = {2016-12-19},
}

@Online{MEDI1001,
  commentauthor = {{University of South Australia}},
  commentshortauthor   = {{UniSA}},
  author = {long={University of South Australia}, short={UniSA}, nametemplates=corp},
  title        = {Surgery MEDI1001},
  year         = {2016},
  url          = {https://lo.unisa.edu.au/full/path/to/page},
  organization = {University of South Australia},
  urldate      = {2016-10-04},
}

@Online{MEDI1001lr,
  commentauthor = {{University of South Australia}},
  commentshortauthor   = {{UniSA}},
  author = {long={University of South Australia}, short={UniSA}, nametemplates=corp},
  author = {Gupta, R.},
  title        = {Surgery MEDI1001},
  subtitle = {lecture recording 20 June 2016},
  year         = {2016},
  url          = {https://lo.unisa.edu.au/full/path/to/video},
  organization = {University of South Australia},
  urldate      = {2016-10-04},
}

@Online{MEDI1001ppt,
  organization       = {{University of South Australia}},
  author = {Gupta, R.},
  title        = {Surgery MEDI1001},
  subtitle = {PowerPoint slides},
  year         = {2016},
  url          = {https://lo.unisa.edu.au/full/path/to/ppt},
  organization = {University of South Australia},
  urldate      = {2016-10-04},
}

@Book{Blitz2012,
  author = {Blitz, N. M.},
  year = {2012},
  title = {Contemporary controversies in foot and ankle surgery},
  publisher = {Saunders},
  location = {Philadelphia, Pa.},
}

@Article{Day2012,
author = {Day, K.},
year = {2012},
title = {Can social media predict the US election?},
journaltitle = {Telegraph},
date = {2012-11-05},
urldate = {2012-11-07},
url = {http://www.telegraph.co.uk/news/worldnews/us- election/9657081/Can-social-media-predict-the-US-election.html},
}

@Article{Walsh2012,
author = {Walsh, B },
year = {2012},
title = {Climate change and Sandy: why we need to prepare for a warmer world},
journaltitle = {Time},
date = {2012-10-30},
urldate = {2012-11-05},
url = {http://science.time.com/2012/10/30/climate-change-and-sandy- why-we-need-to-prepare-for-a-warmer-world/},
}

@Article{Williams2012,
author = {Williams, M. A.},
year = {2012},
title = {Romney's concession speech was not gracious},
journaltitle = {Salon},
date = {2012-11-07},
urldate = {2012-11-10},
url = {http://www.salon.com/2012/11/07/romneys_concession_speech_ was_not_gracious/},
}

@Article{CanTimes1964,
journaltitle = {Canberra Times},
year = {1964},
title = {Pre-Test Talks Offered},
  date = {1964-01-11},
  urldate = {2016-11-08},
  url = {http://nla.gov.au/nla.news-article131738936},
  pages = {1},
}

@Audio{Hitfix,
  author = {McWeeny, D. and Weinberg, S.},
  year = {2010},
  title = {Motion/captured podcast: John Carpenter special},
  series = {Hitfix},
  type = {podcast},
  date = {2010-10-26},
  urldate = {2012-11-11},
  url = {http://uproxx.com/hitfix/listen-a-special-podcast-tribute-to- john-carpenter-with-guest-scott-weinberg/},
  eprint = {1234},
  eprinttype = {doi},
}

@Video{UOML2015,
  author = {{University of Mississippi Libraries}},
  year = {2015},
  title = {Plagiarism tutorial},
  type = {video},
  publisher = {YouTube},
  date = {2015-08-20},
  urldate = {2017-01-19},
  url = {https://www.youtube.com/watch?v=J1HI0i-Br4Y},
  eprinttype = {YouTube},
  eprint = {J1HI0i-Br4Y},
}
@Video{SevenNews,
  %author = {{Seven Network}},
  title = {Seven News},
  type = {streaming video},
  publisher = {Seven Network},
  date = {2016-10-25},
}

@Video{Checkout,
  author = {Reed, J. and Kirkby, S. and Reilly, H. and Greenhalgh, P.},
  year = {2015},
  title = {The Checkout},
  series = {3},
  number = {11},
  type = {streaming video},
  publisher = {ABC},
  date = {2015-06-18},
  howpublished = {Informit EduTV},
}

@Movie{Django,
  author = {Tarantino, Q.},
  year = {2012},
  title = {Django unchained},
  type = {streaming video},
  howpublished = {EnhanceTV},
  publisher = {Columbia},
}

@Video{Simmons2010,
editor = {Simmons, M.},
year = {2010},
 title = {C.B.T. for depression: behavioral activation \& cognitive change},
 type = {streaming video},
 publisher = {University of South Wales},
 howpublished = {Alexander Street},
}

@Movie{Visconti1963,
    author = {Visconti, L.},
    year = {1963},
    title = {Il gattopardo},
    publisher = {Madman Entertainment},
    howpublished = {Kanopy},
}

@PhDThesis{Foley2011,
  author = {Foley, D.},
  year = {2011},
  title = {Emergency care of people with intellectual disability},
  institution = {University of South Australia},
  location = {Adelaide},
  howpublished = {Research Outputs Repository},
  url = {http://researchoutputs.unisa.edu.au/1959.8/118486},
}

@InProceedings{Johnson2009,
  author       = {Johnson, L.},
  title        = {``Nobler in the mind'': the emergence of early modern anxiety},
  booktitle    = {Refereed proceedings of the 2009 AULLA conference: the human and the humanities in literature, language and culture},
  year         = {2009},
  editor       = {Goodall, P.},
  organization = {Australasian Universities Language and Literature Association},
  pages        = {141-156},
  url          = {http://aulla.com.au/AULLA%202009,%20Proceedings.pdf},
  urldate      = {2012-12-07},
}

@Article{Millward2008,
  author    = {Millward, Claire and Ferriter, Michael and Calver, Sarah J. and Connell-Jones, Graham G.},
  title     = {Gluten- and casein-free diets for autistic spectrum disorder},
  journal   = {Cochrane Database of Systematic Reviews},
  year      = {2008},
  eid       = {art. no. CD003498},
  month     = {apr},
  doi       = {10.1002/14651858.cd003498.pub3},
  publisher = {Wiley-Blackwell},
}

@Video{SevenNews,
  title     = {Seven News},
  date      = {2016-10-25},
  type      = {streaming video},
  publisher = {Seven Network},
}

@Online{Tweet,
  author = {Obama, Barak},
    title = {This seat's taken},
    maintitle = {BarackObama},
    date = {2012-08-31},
    organization = {Twitter},
    type={\relax},
    urldate = {2012-11-05},
    url = {https://mobile.twitter.com/BarackObama/status/241392153148915 712},
}

@Online{MessageBoardPost,
author = {Patterson, S},
date = {2009-01-29},
title = {Something's got to give},
type = {list server},
maintitle = {National Association of Sceptics},
urldate = {2012-09-07},
url = {http://www.nsa.net.au/listserv/},
nameaddon={patters@rockets.com.au},
}

@Movie{DjangoMovie,
  author = {Tarantino, Q.},
  year = {2012},
  title = {Django unchained},
  type = {motion picture},
  publisher = {Weinstein Company},
}

@Movie{TheMaster,
author = {Anderson, P. T.},
year = {2012},
title = {The master},
type = {motion picture},
  publisher = {Weinstein Company},
}

@Movie{Hugo,
  author = {Scorsese, M.},
  year = {2011},
  title = {Hugo},
  type = {DVD},
  publisher = {Paramount},
}

@Video{Dateline,
  title = {Dateline},
  date = {2012-11-06},
  type = {television programme},
  publisher = {SBS},
}

@Video{56up,
    author = {Apted, M.},
    year = {2012},
    title = {56 up},
    number = {2},
    type = {television program},
    organization = {SBS},
    date = {2012-11-06},
}

@Video{Coulter2010,
  author = {Coulter, A},
  origdate = {2010},
  title = {Paris green},
  booktitle = {Boardwalk empire},
  type = {television programme},
  organization = {SBS},
  date = {2012-11-03},
}

@Video{GameOfThrones,
  author = {Marshall, N},
  year = {2012},
  title = {Blackwater},
  booktitle = {Game of thrones: the complete second season},
  type = {DVD},
  publisher = {HBO},
}

@Music{Palmer2011,
  author = {Palmer, A},
  year = {2011},
  title = {Amanda Palmer goes down under},
  type = {CD},
  publisher = {Liberator Music},
}

@Audio{ImmigrantNation,
  author = {Adams, P},
  date = {2012-10-10},
  title = {Immigrant nations},
  booktitle = {Late night live},
  type = {radio programme},
  organization = {ABC Radio},
}

@Book{OxfordLearnersDict,
author = {{Oxford University Press}},
shortauthor = {OUP},
year = {2010},
title = {Oxford advanced learner's dictionary},
edition = {8},
type = {CD-ROM},
publisher = {Oxford University Press},
location = {Oxford},
}
 
@Software{HaloReach,
  author = {Bungie},
  year = {2010},
  title = {Halo: reach},
  type = {video game, Xbox 360},
  publisher = {Microsoft Game Studios},
}

@Software{matlab,
  author = {{MathWorks}},
  year = {2010},
  title = {{MATLAB}},
  version = {7.11},
  type = {computer program},
  publisher = {The MathWorks Inc.},
  location = {Natick, Mass.},
}

@Software{ABCiViewApp,
  author = {{Australian Broadcasting Corporation}},
  year = {2016},
  title = {ABC iview},
  version = {3.12},
  type = {mobile application},
  publisher = {Australian Broadcasting Corporation},
  urldate = {2016-10-04},
  url = {https://itunes.apple.com/au/app/abc-iview/id401778175?mt=8},
}

@Article{Hussin2007,
author = {Hussin, V.},
year = {2007},
title = {Supporting off-shore students: a preliminary study},
journaltitle = {Innovations in Education Teaching International},
volume = {44},
number = {4},
pages = {363–376},
}

@Image{HussinImage,
  crossref={Hussin2007},
  title = {Modes of support},
  pages = {365},
}


@Comment{jabref-meta: databaseType:biblatex;}